@book{Reliability-NASA,
	title={Microelectronics Reliability: Physics-of-Failure Based Modeling and Lifetime Evaluation},
	author={Mark White and Joseph B. Bernstein},
	url={https://nepp.nasa.gov/files/16365/08_102_4_%20JPL_White.pdf},
	year={2008},
	publisher={NASA JPL Publication 08-5  2/08}
}

